
@article{Allee1932StuAni,
  title = {Studies in Animal Aggregations: {{Mass}} Protection against Colloidal Silver among Goldfishes},
  shorttitle = {Studies in Animal Aggregations},
  author = {Allee, W. C. and Bowen, Edith S.},
  year = {1932},
  month = feb,
  volume = {61},
  pages = {185--207},
  issn = {1097-010X},
  doi = {10.1002/jez.1400610202},
  file = {/home/tpoisot/Zotero/storage/GMRZNR3R/abstract\;jsessionid=4C253F36C2D481618DA19590CCE3D95C.html},
  journal = {Journal of Experimental Zoology},
  language = {en},
  number = {2}
}

@article{Camerano1880EquViv,
  title = {Dell'equilibrio Dei Viventi Merce La Reciproca Distruzione},
  author = {Camerano, Lorenzo},
  year = {1880},
  volume = {15},
  pages = {393--414},
  journal = {Atti Della R. Accad. Delle Sci. Torino}
}

@book{Elton1927AniEco,
  title = {Animal Ecology},
  author = {Elton, Charles S},
  year = {1927},
  publisher = {{University of Chicago Press}}
}

@article{Fahrenholz1913EctUnd,
  title = {Ectoparasiten Und Abstammungslehre},
  author = {Fahrenholz, H.},
  year = {1913},
  volume = {41},
  pages = {371--374},
  journal = {Zool. Anz.}
}

@article{Nicholson1935BalAni,
  title = {The {{Balance}} of {{Animal Populations}}.\textemdash{{Part I}}.},
  author = {Nicholson, A. J. and Bailey, V. A.},
  year = {1935},
  month = sep,
  volume = {105},
  pages = {551--598},
  issn = {1469-7998},
  doi = {10.1111/j.1096-3642.1935.tb01680.x},
  file = {/home/tpoisot/Zotero/storage/9TU79D3W/abstract.html},
  journal = {Proceedings of the Zoological Society of London},
  language = {en},
  number = {3}
}


